@misc{gplv3,
  title        = {GNU General Public License},
  version      = {3},
  shorthand    = {GPL},
  organization = {Free Software Foundation},
  url          = {http://www.gnu.org/licenses/gpl.html},
  pagination   = {section},
  language     = {english},
  date         = {2007-06-29}
}

@misc{man-yum,
	author = "Red Hat",
	title = "Yum - Linux man page",
	year = "\newline Consultado el 17 de Noviembre de 2016",
	howpublished = "\url{https://linux.die.net/man/8/yum}",
}